
@misc{jsoncpp,
  author = {JSONCpp Dev Team},
  title = {JSONCpp},
  year = {2022},
  publisher = {GitHub},
  journal = {GitHub repository},
  howpublished = {\url{https://github.com/open-source-parsers/jsoncpp}}
}

@book{youtube_2020, 
    title={A Level Chemistry Revision "Shorthand Electron Configuration"}, 
    url={https://www.youtube.com/watch?v=5mP0z1MAdCk}, 
    journal={YouTube}, 
    publisher={YouTube}, 
    year={2020}, 
    month={Apr}
} 